<?xml version="1.0" encoding="UTF-8"?>
<collection xmlns:xsi="http://www.w3.org/2001/XMLSchema-instance" xsi:schemaLocation="http://www.loc.gov/MARC21/slim http://www.loc.gov/standards/marcxml/schema/MARC21slim.xsd" xmlns="http://www.loc.gov/MARC21/slim">
<record>
  <leader>00987cam a2200265Ma 4500</leader>
  <controlfield tag="001">2678754</controlfield>
  <controlfield tag="003">NNC</controlfield>
  <controlfield tag="005">20150920222857.0</controlfield>
  <controlfield tag="008">870507s1962    sy            000 0 araod</controlfield>
  <datafield tag="035" ind1=" " ind2=" ">
    <subfield code="a">(OCoLC)ocm23486284</subfield>
  </datafield>
  <datafield tag="035" ind1=" " ind2=" ">
    <subfield code="9">ARC7514CU</subfield>
  </datafield>
  <datafield tag="035" ind1=" " ind2=" ">
    <subfield code="a">(NNC)2678754</subfield>
  </datafield>
  <datafield tag="040" ind1=" " ind2=" ">
    <subfield code="a">EYM</subfield>
    <subfield code="c">EYM</subfield>
    <subfield code="d">ZCU</subfield>
  </datafield>
  <datafield tag="050" ind1=" " ind2="4">
    <subfield code="a">DS98.5</subfield>
    <subfield code="b">.M38</subfield>
  </datafield>
  <datafield tag="099" ind1=" " ind2=" ">
    <subfield code="a">956.9D18</subfield>
    <subfield code="a">M277</subfield>
  </datafield>
  <datafield tag="100" ind1="1" ind2=" ">
    <subfield code="a">Maḥāsinī, Sulaymān ibn Aḥmad.</subfield>
  </datafield>
  <datafield tag="245" ind1="1" ind2="0">
    <subfield code="a">Ḥulūl al-taʻab wa-al-ālām bi-wuṣūl Abī al-Dhahab ila ́ Dimashq al-Sham /</subfield>
    <subfield code="c">taʾlīf Sulaymān ibn Aḥmad al-Maḥāsinī ; taḥqīq Ṣalāḥ al-Dīn al-Munajjid.</subfield>
  </datafield>
  <datafield tag="260" ind1=" " ind2=" ">
    <subfield code="a">[Damascus?] :</subfield>
    <subfield code="b">Manshūrāt Dār al-Kitāb al-Jadīd,</subfield>
    <subfield code="c">1962.</subfield>
  </datafield>
  <datafield tag="300" ind1=" " ind2=" ">
    <subfield code="a">35 p. ;</subfield>
    <subfield code="c">20 cm.</subfield>
  </datafield>
  <datafield tag="490" ind1="1" ind2=" ">
    <subfield code="a">Silsilat al-nuṣūṣ al-qadīmah ;</subfield>
    <subfield code="v">2</subfield>
  </datafield>
  <datafield tag="651" ind1=" " ind2="0">
    <subfield code="a">Syria</subfield>
    <subfield code="x">History</subfield>
    <subfield code="y">1516-1918.</subfield>
  </datafield>
  <datafield tag="700" ind1="1" ind2=" ">
    <subfield code="a">Abu al-Dhahab, Muhammad Bey,</subfield>
    <subfield code="d">-1775.</subfield>
  </datafield>
  <datafield tag="700" ind1="1" ind2=" ">
    <subfield code="a">Munajjid, Ṣalāḥ al-Dīn.</subfield>
  </datafield>
  <datafield tag="830" ind1=" " ind2="0">
    <subfield code="a">Silsilat al-nuṣūṣ al-qadīmah ;</subfield>
    <subfield code="v">2.</subfield>
  </datafield>
  <datafield tag="955" ind1=" " ind2=" ">
    <subfield code="b">0026813335</subfield>
    <subfield code="d">glx</subfield>
    <subfield code="e">956.9D18 M277</subfield>
  </datafield>
</record>
</collection>